<record><leader>00000cas a22000007a 4500</leader><controlfield tag="001">9640505</controlfield><controlfield tag="008">830624d18431848nyuwr ne      0    0eng d</controlfield><datafield ind1=" " ind2=" " tag="010"><subfield code="a">sn 83030709 </subfield></datafield><datafield ind1=" " ind2=" " tag="040"><subfield code="a">NPU</subfield><subfield code="b">eng</subfield><subfield code="c">NPU</subfield><subfield code="d">NPX</subfield><subfield code="d">DLC</subfield><subfield code="d">NYS</subfield><subfield code="d">CNK</subfield><subfield code="d">OCL</subfield><subfield code="d">OCLCG</subfield><subfield code="d">DLC</subfield><subfield code="d">OCLCF</subfield><subfield code="d">OCLCO</subfield></datafield><datafield ind1="1" ind2=" " tag="029"><subfield code="a">AU@</subfield><subfield code="b">000020126904</subfield></datafield><datafield ind1=" " ind2=" " tag="042"><subfield code="a">msc</subfield></datafield><datafield ind1=" " ind2=" " tag="043"><subfield code="a">n-us-ny</subfield></datafield><datafield ind1="0" ind2="0" tag="050"><subfield code="a">Newspaper</subfield></datafield><datafield ind1="0" ind2=" " tag="130"><subfield code="a">Old countryman (New York, N.Y.)</subfield></datafield><datafield ind1="1" ind2="4" tag="245"><subfield code="a">The old countryman.</subfield></datafield><datafield ind1=" " ind2=" " tag="260"><subfield code="a">New-York, [N.Y. :</subfield><subfield code="b">s.n.],</subfield><subfield code="c">1843-</subfield></datafield><datafield ind1=" " ind2=" " tag="300"><subfield code="a">v. ;</subfield><subfield code="c">47 cm.</subfield></datafield><datafield ind1=" " ind2=" " tag="310"><subfield code="a">Weekly</subfield></datafield><datafield ind1="0" ind2=" " tag="362"><subfield code="a">New ser., v. 1, no. 47 (Jan. 18, 1843)-</subfield></datafield><datafield ind1="1" ind2=" " tag="362"><subfield code="a">Ceased in May 1848.</subfield></datafield><datafield ind1=" " ind2=" " tag="500"><subfield code="a">Subtitle: A journal of the news of England, Ireland, Scotland, and Wales.</subfield></datafield><datafield ind1=" " ind2=" " tag="500"><subfield code="a">Publishers: Mason &amp; Trehern, &lt;1845&gt;-1847; S. Moody, 1847-    .</subfield></datafield><datafield ind1=" " ind2=" " tag="500"><subfield code="a">Editors: J.T. Pickering, &lt;1842&gt;-Jan. 18, 1843; J.S. Bartlett, 1843-&lt;1844&gt;.</subfield></datafield><datafield ind1=" " ind2="0" tag="651"><subfield code="a">New York (N.Y.)</subfield><subfield code="v">Newspapers.</subfield></datafield><datafield ind1=" " ind2="7" tag="655"><subfield code="a">Newspapers.</subfield><subfield code="2">fast</subfield><subfield code="0">(OCoLC)fst01423814</subfield></datafield><datafield ind1=" " ind2="7" tag="651"><subfield code="a">New York (State)</subfield><subfield code="z">New York.</subfield><subfield code="2">fast</subfield><subfield code="0">(OCoLC)fst01204333</subfield></datafield><datafield ind1="1" ind2=" " tag="700"><subfield code="a">Pickering, Joseph T.</subfield></datafield><datafield ind1="1" ind2=" " tag="700"><subfield code="a">Bartlett, John S.</subfield><subfield code="q">(John Sherren),</subfield><subfield code="d">1790-1863.</subfield></datafield><datafield ind1=" " ind2=" " tag="752"><subfield code="a">United States</subfield><subfield code="b">New York</subfield><subfield code="c">New York</subfield><subfield code="d">New York.</subfield></datafield><datafield ind1="0" ind2="0" tag="780"><subfield code="t">Emigrant and old countryman</subfield><subfield code="w">(DLC)sn 84023394</subfield><subfield code="w">(OCoLC)10860913</subfield></datafield><datafield ind1="0" ind2="0" tag="785"><subfield code="t">British news and old countryman</subfield><subfield code="w">(DLC)sn 90066011</subfield><subfield code="w">(OCoLC)21027500</subfield></datafield></record>